@book{french1971vibrations,
  title={Vibrations and waves},
  author={French, Anthony Philip},
  year={1971},
  publisher={CRC press}
}

@book{alexander2013fundamentos,
  title={Fundamentos de circuitos elétricos (5a)},
  author={Alexander, Charles K and Sadiku, Matthew NO},
  year={2013},
  publisher={McGraw Hill Mexico}
}

@book{tilley2014cristalografia,
    title={Cristalografia, Cristais e Estruturas Cristalinas},
    author={Tilley, Richard J. D.},
    year={2014},
    publisher={Tradução: Fábio RD de Andrade}
}

@book{cullity1967elements,
    title={Elements of X-ray diffraction},
    author={Cullity, B. D.},
    year={1967},
    publisher={Addison-Wesley}
}